@inproceedings{gonzalez2013efficient,
	title={An efficient memetic algorithm for the flexible job shop with setup times},
	author={Gonz{\'a}lez Fern{\'a}ndez, Miguel {\'A}ngel and Rodr{\'\i}guez Vela, Mar{\'\i}a del Camino and Varela Arias, Jos{\'e} Ramiro},
	booktitle={Proceedings of the Twenty-Third International Conference on Automated Planning and Scheduling},
	year={2013},
	organization={Association for the Advancement of Artificial Intelligence (AAAI)}
}

@article{gao2011efficient,
	title={An efficient memetic algorithm for solving the job shop scheduling problem},
	author={Gao, Liang and Zhang, Guohui and Zhang, Liping and Li, Xinyu},
	journal={Computers \& Industrial Engineering},
	volume={60},
	number={4},
	pages={699--705},
	year={2011},
	publisher={Elsevier}
}

@article{zhang2011effective,
	title={An effective genetic algorithm for the flexible job-shop scheduling problem},
	author={Zhang, Guohui and Gao, Liang and Shi, Yang},
	journal={Expert Systems with Applications},
	volume={38},
	number={4},
	pages={3563--3573},
	year={2011},
	publisher={Elsevier}
}

@article{driss2015effective,
	title={An effective Genetic Algorithm for the Flexible Job Shop Scheduling Problems},
	author={DRISS, IMEN and MOUSS, KINZA NADIA and LAGGOUN, ASSIA},
	year={2015}
}

@article{wang2012new,
	title={A new hybrid genetic algorithm for job shop scheduling problem},
	author={Wang, Yuping and others},
	journal={Computers \& Operations Research},
	volume={39},
	number={10},
	pages={2291--2299},
	year={2012},
	publisher={Elsevier}
}